@article{rissanenmdl,
  title={Modeling by shortest data description},
  author={Rissanen, Jorma},
  journal={Automatica},
  volume={14},
  number={5},
  pages={465--471},
  year={1978},
  publisher={Elsevier}
}
@book{grunwaldmdl,
  title={The minimum description length principle},
  author={Gr{\"u}nwald, Peter D},
  year={2007},
  publisher={MIT press}
}
@article{krimp,
  title={Krimp: mining itemsets that compress},
  author={Vreeken, Jilles and van Leeuwen, Matthijs and Siebes, Arno},
  journal={Data Mining and Knowledge Discovery},
  volume={23},
  number={1},
  pages={169--214},
  year={2011},
  publisher={Springer}
}
@inproceedings{slim,
  title={Slim: Directly mining descriptive patterns},
  author={Smets, Koen and Vreeken, Jilles},
  booktitle={Proceedings of the 2012 SIAM International Conference on Data Mining},
  pages={236--247},
  year={2012},
  organization={SIAM}
}
@article{classy,
  title={Interpretable multiclass classification by MDL-based rule lists},
  author={Proen{\c{c}}a, Hugo M and van Leeuwen, Matthijs},
  journal={arXiv preprint arXiv:1905.00328},
  year={2019}
}
@article{campana2010compression,
  title={A compression-based distance measure for texture},
  author={Campana, Bilson JL and Keogh, Eamonn J},
  journal={Statistical Analysis and Data Mining: The ASA Data Science Journal},
  volume={3},
  number={6},
  pages={381--398},
  year={2010},
  publisher={Wiley Online Library}
}
@book{kolmogorov,
  title={An introduction to Kolmogorov complexity and its applications},
  author={Li, Ming and Vit{\'a}nyi, Paul},
  volume={3},
  year={2008},
  publisher={Springer}
}
@article{univinteger,
  title={A universal prior for integers and estimation by minimum description length},
  author={Rissanen, Jorma},
  journal={The Annals of statistics},
  pages={416--431},
  year={1983},
  publisher={JSTOR}
}
@book{aggarwal2014fpm,
	author = {Aggarwal, Charu C. and Han, Jiawei},
	title = {Frequent Pattern Mining},
	year = {2014},
	publisher = {Springer},
} 
@inproceedings{tatti2012stijl,
	author    = {Nikolaj Tatti and
	Jilles Vreeken},
	title     = {Discovering Descriptive Tile Trees - By Mining Optimal Geometric Subtiles},
	booktitle = {Proceedings of {ECML} {PKDD} 2012},
	pages     = {9--24},
	year      = {2012},
}
@inproceedings{gionis2004tiles,
	author    = {Aristides Gionis and
	Heikki Mannila and
	Jouni K. Sepp{\"{a}}nen},
	title     = {Geometric and Combinatorial Tiles in 0-1 Data},
	booktitle = {Proceedings of {PKDD} 2004},
	pages     = {173--184},
	year      = {2004},
}
@inproceedings{deville2016grima,
  title={GriMa: a grid mining algorithm for bag-of-grid-based classification},
  author={Deville, Romain and Fromont, Elisa and Jeudy, Baptiste and Solnon, Christine},
  booktitle={Joint IAPR International Workshops on SPR and SSPR},
  pages={132--142},
  year={2016},
  organization={Springer}
}



